<collection xmlns="http://www.loc.gov/MARC21/slim"><record><leader>00991nam  2200301   450</leader><controlfield tag="001">912</controlfield><controlfield tag="003">http://montalegre.opacnet.com/OPAC/default.aspx?ContentAreaControl=ShowRegHoldings.ascx&amp;RegNo=16662</controlfield><datafield tag="010" ind1=" " ind2=" "><subfield code="a">972-1-04780-5</subfield></datafield><datafield tag="021" ind1=" " ind2=" "><subfield code="a">PT</subfield><subfield code="b">217171/04</subfield></datafield><datafield tag="100" ind1=" " ind2=" "><subfield code="a">20061013d2004    m  y0pory0103    ba</subfield></datafield><datafield tag="101" ind1="1" ind2=" "><subfield code="a">por</subfield><subfield code="c">eng</subfield></datafield><datafield tag="102" ind1=" " ind2=" "><subfield code="a">PT</subfield></datafield><datafield tag="105" ind1=" " ind2=" "><subfield code="a">y   z   001yy</subfield></datafield><datafield tag="106" ind1=" " ind2=" "><subfield code="a">r</subfield></datafield><datafield tag="200" ind1="1" ind2=" "><subfield code="a">&lt;O &gt;segredo dos Templários</subfield><subfield code="e">&lt;o &gt;destino de Cristo</subfield><subfield code="f">Lynn Picknett, Clive Prince</subfield><subfield code="g">trad. Maria do Rosário Heitor</subfield></datafield><datafield tag="205" ind1=" " ind2=" "><subfield code="a">4ª ed</subfield></datafield><datafield tag="210" ind1=" " ind2=" "><subfield code="a">Mem Martins</subfield><subfield code="c">Europa-América</subfield><subfield code="d">2004</subfield></datafield><datafield tag="215" ind1=" " ind2=" "><subfield code="a">423, [1] p.</subfield><subfield code="d">21 cm</subfield></datafield><datafield tag="225" ind1="2" ind2=" "><subfield code="a">Millenium</subfield><subfield code="v">27</subfield></datafield><datafield tag="304" ind1=" " ind2=" "><subfield code="a">Tít. orig.: Templar revelation</subfield></datafield><datafield tag="320" ind1=" " ind2=" "><subfield code="a">Contém bibliografia</subfield></datafield><datafield tag="601" ind1="0" ind2="2"><subfield code="a">Ordem dos Templários</subfield></datafield><datafield tag="675" ind1=" " ind2=" "><subfield code="a">821</subfield></datafield><datafield tag="700" ind1=" " ind2="1"><subfield code="a">Picknett</subfield><subfield code="b">Lynn</subfield><subfield code="3">1019073</subfield></datafield><datafield tag="701" ind1=" " ind2="1"><subfield code="a">Prince</subfield><subfield code="b">Clive</subfield><subfield code="4">070</subfield><subfield code="3">1019074</subfield></datafield><datafield tag="702" ind1=" " ind2="1"><subfield code="a">Heitor</subfield><subfield code="b">Maria do Rosário</subfield><subfield code="4">730</subfield><subfield code="3">791619</subfield></datafield><datafield tag="801" ind1=" " ind2="0"><subfield code="a">PT</subfield><subfield code="b">Biblioteca Municipal de Montalegre</subfield><subfield code="g">RPC</subfield></datafield><datafield tag="856" ind1=" " ind2=" "><subfield code="u">locateMedia.asp?cod=20060629141020&amp;ext=jpg</subfield><subfield code="z">CAPA</subfield></datafield><datafield tag="909" ind1="&#9;" ind2=" "><subfield code="a">1</subfield></datafield><datafield tag="966" ind1=" " ind2=" "><subfield code="a">0016060</subfield><subfield code="l">BMM</subfield><subfield code="s">SCG 821 PIC seg 27</subfield></datafield></record></collection>